<record><leader>00000cas a2200000 a 4500</leader><controlfield tag="001">9789608</controlfield><controlfield tag="008">830808d184u1925mduwr ne      0    0eng  </controlfield><datafield ind1=" " ind2=" " tag="010"><subfield code="a">sn 83016370 </subfield></datafield><datafield ind1=" " ind2=" " tag="040"><subfield code="a">DLC</subfield><subfield code="b">eng</subfield><subfield code="c">DLC</subfield><subfield code="d">NPU</subfield><subfield code="d">NPX</subfield><subfield code="d">MFN</subfield><subfield code="d">DLC</subfield><subfield code="d">NYS</subfield><subfield code="d">OCL</subfield><subfield code="d">OCLCQ</subfield><subfield code="d">OCLCO</subfield><subfield code="d">OCLCF</subfield></datafield><datafield ind1="1" ind2=" " tag="029"><subfield code="a">AU@</subfield><subfield code="b">000020421151</subfield></datafield><datafield ind1=" " ind2=" " tag="042"><subfield code="a">pcc</subfield></datafield><datafield ind1=" " ind2=" " tag="043"><subfield code="a">n-us-md</subfield></datafield><datafield ind1="0" ind2="4" tag="245"><subfield code="a">The Marlboro' gazette, and Prince George's advertiser.</subfield></datafield><datafield ind1="3" ind2="0" tag="246"><subfield code="a">Marlborough gazette, and Prince George's advertiser</subfield></datafield><datafield ind1="1" ind2="3" tag="246"><subfield code="a">Marlboro' gazette</subfield></datafield><datafield ind1=" " ind2=" " tag="260"><subfield code="a">Upper Marlboro, Md. :</subfield><subfield code="b">George W. Wilson</subfield></datafield><datafield ind1=" " ind2=" " tag="300"><subfield code="a">v. ;</subfield><subfield code="c">56 cm.</subfield></datafield><datafield ind1=" " ind2=" " tag="310"><subfield code="a">Weekly</subfield></datafield><datafield ind1="1" ind2=" " tag="362"><subfield code="a">Ceased in 1925.</subfield></datafield><datafield ind1=" " ind2=" " tag="500"><subfield code="a">Published as: Marlborough gazette, and Prince George's advertiser, &lt;Mar. 30, 1864-Mar. 24, 1869&gt;.</subfield></datafield><datafield ind1=" " ind2=" " tag="500"><subfield code="a">"No Great Man's Parisite--No Party's Tool," [sic] 1853."</subfield></datafield><datafield ind1=" " ind2=" " tag="500"><subfield code="a">"Devoted to Agriculture, General Intelligence, Literature and Politics," 1853.</subfield></datafield><datafield ind1="4" ind2=" " tag="510"><subfield code="a">Gregory, W. Amer. newspapers, 1821-1936</subfield><subfield code="c">p. 267</subfield></datafield><datafield ind1=" " ind2=" " tag="588"><subfield code="a">Description based on: Apr. 17, 1846.</subfield></datafield><datafield ind1=" " ind2="0" tag="651"><subfield code="a">Prince George's County (Md.)</subfield><subfield code="v">Newspapers.</subfield></datafield><datafield ind1=" " ind2="0" tag="651"><subfield code="a">Upper Marlboro (Md.)</subfield><subfield code="v">Newspapers.</subfield></datafield><datafield ind1=" " ind2="7" tag="655"><subfield code="a">Newspapers.</subfield><subfield code="2">fast</subfield><subfield code="0">(OCoLC)fst01423814</subfield></datafield><datafield ind1=" " ind2="7" tag="651"><subfield code="a">Maryland</subfield><subfield code="z">Prince George's County.</subfield><subfield code="2">fast</subfield><subfield code="0">(OCoLC)fst01207053</subfield></datafield><datafield ind1=" " ind2="7" tag="651"><subfield code="a">Maryland</subfield><subfield code="z">Upper Marlboro.</subfield><subfield code="2">fast</subfield><subfield code="0">(OCoLC)fst01247587</subfield></datafield><datafield ind1=" " ind2=" " tag="752"><subfield code="a">United States</subfield><subfield code="b">Maryland</subfield><subfield code="c">Prince George's</subfield><subfield code="d">Upper Marlboro.</subfield></datafield><datafield ind1="0" ind2="0" tag="780"><subfield code="t">Marlboro gazette, and Prince George's County advertiser</subfield><subfield code="w">(DLC)   83016371</subfield><subfield code="w">(OCoLC)9789682</subfield></datafield><datafield ind1="0" ind2="7" tag="785"><subfield code="t">Prince George's enquirer and southern Maryland advertiser</subfield><subfield code="w">(DLC)sn 89060124</subfield><subfield code="w">(OCoLC)20367539</subfield></datafield><datafield ind1="0" ind2="7" tag="785"><subfield code="t">Enquirer-gazette (Upper Marlboro, Md.)</subfield><subfield code="w">(DLC)sn 89061528</subfield><subfield code="w">(OCoLC)20058651</subfield></datafield></record>